
@article{ict1,
  title={ICT, Innovation and Public Management: Governance, Models and Alternatives for eGovernment Infastructures},
  author={Navarra, Diego D and Cornford, Tony},
  journal={ECIS 2005 Proceedings},
  pages={121},
  year={2005}
}

@article{design,
  title={Designing mobile interfaces for novice and low-literacy users},
  author={Medhi, Indrani and Patnaik, Somani and Brunskill, Emma and Gautama, SN and Thies, William and Toyama, Kentaro},
  journal={ACM Transactions on Computer-Human Interaction (TOCHI)},
  volume={18},
  number={1},
  pages={2},
  year={2011},
  publisher={ACM}
}

@book{ict2,
  title={Decentralizing governance: emerging concepts and practices},
  author={Cheema, G Shabbir and Rondinelli, Dennis A},
  year={2007},
  publisher={Brookings Institution Press}
}

@article{bardhan2002decentralization,
  title={Decentralization of governance and development},
  author={Bardhan, Pranab},
  journal={Journal of Economic perspectives},
  pages={185--205},
  year={2002},
  publisher={JSTOR}
}

@PHDTHESIS{Ta,
   author = "MriduAtray",
   title = "Reality Reporting and Moderation Apps for Community Reporters in Rural Areas",
   school = "Indian Institute of Technology, Delhi",
   year = "2013"
   }
   
@misc{Downl78:online,
author = {},
title = {Download Android Studio and SDK Tools | Android Developers},
howpublished = {\url{http://developer.android.com/sdk/index.html}},
month = {},
year = {},
note = {}
}

@misc{Intro42:online,
author = {},
title = {Introduction to Android development with Android Studio - Tutorial},
howpublished = {\url{http://www.vogella.com/tutorials/Android/article.html}},
month = {},
year = {},
note = {(Visited on 01/05/2016)}
}

@misc{Ruby,
author = {},
title = {Ruby on Rails Guides},
howpublished = {\url{http://guides.rubyonrails.org/}},
month = {},
year = {},
note = {}
}

@misc{Andro34:online,
author = {},
title = {Android working with Volley Library},
howpublished = {\url{http://www.androidhive.info/2014/05/android-working-with-volley-library-1/}},
month = {},
year = {},
note = {}
}

@inproceedings{cgnet,
  title={Emergent practices around CGNet Swara, voice forum for citizen journalism in rural India},
  author={Mudliar, Preeti and Donner, Jonathan and Thies, William},
  booktitle={Proceedings of the Fifth International Conference on Information and Communication Technologies and Development},
  pages={159--168},
  year={2012},
  organization={ACM}
}

@misc{ruralbase:online,
author = {},
title = {Mobile Phone Users Base in India},
howpublished = {\url{http://www.thebetterindia.com/16218/8-mobile-phone-ideas-changing-lives-rural-india-mobile4good14/}},
month = {},
year = {},
note = {}
}

@article{bardhan2002decentralization,
  title={Decentralization of governance and development},
  author={Bardhan, Pranab},
  journal={The journal of economic perspectives},
  volume={16},
  number={4},
  pages={185--205},
  year={2002},
  publisher={American Economic Association}
}

@misc{Decentral:online,
author = {},
title = {Decentralization},
howpublished = {\url{http://www.thecitizensdemocraticparty.com/decentralization.html}},
month = {},
year = {},
note = {}
}

@misc{Decen5:online,
author = {},
title = {Decentralization},
howpublished = {\url{http://www.thecitizensdemocraticparty.com/decentralization.html}},
month = {},
year = {},
note = {(Accessed on 06/19/2016)}
}

@misc{MyGao25:online,
author = {},
title = {My Gaon},
howpublished = {\url{http://mygaon.org/}},
month = {},
year = {},
note = {(Accessed on 06/19/2016)}
}

@inproceedings{findlater2009comparing,
  title={Comparing semiliterate and illiterate users' ability to transition from audio+ text to text-only interaction},
  author={Findlater, Leah and Balakrishnan, Ravin and Toyama, Kentaro},
  booktitle={Proceedings of the SIGCHI Conference on Human Factors in Computing Systems},
  pages={1751--1760},
  year={2009},
  organization={ACM}
}

@misc{Munir91:online,
author = {},
title = {Munirka - Wikipedia, the free encyclopedia},
howpublished = {\url{https://en.wikipedia.org/wiki/Munirka}},
month = {},
year = {},
note = {(Accessed on 06/24/2016)}
}